<?xml version="1.0" encoding="UTF-8"?><collection xmlns="http://www.loc.gov/MARC21/slim"><record><leader>00684nam--2200217-u-4500</leader><controlfield tag="001">000055266</controlfield><controlfield tag="002">20161230</controlfield><controlfield tag="005">20161230201052</controlfield><controlfield tag="008">121206s1000------------r-----000-0-ruS-d</controlfield><datafield ind1=" " ind2=" " tag="040"><subfield code="a">IFIN-HH</subfield></datafield><datafield ind1=" " ind2=" " tag="041"><subfield code="a">rus</subfield></datafield><datafield ind1=" " ind2=" " tag="080"><subfield code="a">539.21</subfield></datafield><datafield ind1="1" ind2=" " tag="100"><subfield code="a">Guntherodt, H.-j</subfield></datafield><datafield ind1="1" ind2="0" tag="245"><subfield code="a">Metalliceskie stekla</subfield><subfield code="b">Ionnaia struktura, elektronnii perenos i kristallizatia</subfield><subfield code="c">H.-j. guntherodt, h. beck</subfield></datafield><datafield ind1=" " ind2=" " tag="260"><subfield code="a">Moskva</subfield><subfield code="b">Mir</subfield><subfield code="c">1983</subfield></datafield><datafield ind1=" " ind2=" " tag="300"><subfield code="a">376P</subfield></datafield><datafield ind1=" " ind2=" " tag="490"><subfield code="a">Problemi Prikladnoi Fiziki</subfield></datafield><datafield ind1=" " ind2=" " tag="500"><subfield code="a">Titlul Original In Limba Engleza: Glassy Metals I Ionic Structure, Electronic Transport And Crystallization</subfield></datafield><datafield ind1="1" ind2=" " tag="700"><subfield code="a">Beck, H</subfield></datafield><datafield ind1=" " ind2=" " tag="852"><subfield code="a">71725</subfield><subfield code="c">539.21</subfield></datafield><datafield ind1=" " ind2=" " tag="CAT"><subfield code="a">Sys</subfield><subfield code="c">20121206</subfield><subfield code="h">135559</subfield></datafield></record></collection>